%% This BibTeX bibliography file was created using BibDesk.
%% http://bibdesk.sourceforge.net/


%% Created for iSith at 2558-02-05 18:07:46 +0800 


%% Saved with string encoding Unicode (UTF-8) 



@book{junker2011analysis,
	Author = {Junker, Bj{\"o}rn H and Schreiber, Falk},
	Date-Added = {2015-02-05 07:13:48 +0000},
	Date-Modified = {2015-02-05 07:13:48 +0000},
	Publisher = {John Wiley \&amp; Sons},
	Title = {Analysis of biological networks},
	Volume = {2},
	Year = {2011}}

@misc{oksanen2007vegan,
	Author = {Oksanen, J and Kindt, R and Legendre, P and O'Hara, RB},
	Date-Added = {2015-02-05 07:11:47 +0000},
	Date-Modified = {2015-02-05 07:11:47 +0000},
	Title = {vegan: Community Ecology Package version 1 8-5. 2007},
	Year = {2007}
	}

@article{barberan2012using,
	Author = {Barber{\'a}n, Albert and Bates, Scott T and Casamayor, Emilio O and Fierer, Noah},
	Date-Added = {2015-02-05 07:09:46 +0000},
	Date-Modified = {2015-02-05 07:09:46 +0000},
	Journal = {The ISME journal},
	Number = {2},
	Pages = {343--351},
	Publisher = {Nature Publishing Group},
	Title = {Using network analysis to explore co-occurrence patterns in soil microbial communities},
	Volume = {6},
	Year = {2012}
	}
@Manual{package:gdata,
    title = {gdata: Various R programming tools for data manipulation},
    author = {Gregory R. Warnes and Ben Bolker and Gregor Gorjanc and Gabor Grothendieck and Ales Korosec and Thomas Lumley and Don MacQueen and Arni Magnusson and Jim Rogers and {others}},
    year = {2014},
    note = {R package version 2.13.3},
    url = {http://CRAN.R-project.org/package=gdata},
  }
  @Article{package:plyr,
    title = {The Split-Apply-Combine Strategy for Data Analysis},
    author = {Hadley Wickham},
    journal = {Journal of Statistical Software},
    year = {2011},
    volume = {40},
    number = {1},
    pages = {1--29},
    url = {http://www.jstatsoft.org/v40/i01/},
  }
	 @Manual{package:dplyr,
    title = {dplyr: A Grammar of Data Manipulation},
    author = {Hadley Wickham and Romain Francois},
    year = {2015},
    note = {R package version 0.4.1},
    url = {http://CRAN.R-project.org/package=dplyr},
  }
   @Article{package:lubridate,
    title = {Dates and Times Made Easy with {lubridate}},
    author = {Garrett Grolemund and Hadley Wickham},
    journal = {Journal of Statistical Software},
    year = {2011},
    volume = {40},
    number = {3},
    pages = {1--25},
    url = {http://www.jstatsoft.org/v40/i03/},
  }
